@book{PBRT,
    author = "Matt Pharr, Wenze Jakob, Greg Humphreys",
    title = "Phisically based rendering",
    publisher = "Morgan Kaufman publishers",
    year = "2017",
    pages = "1233",
    language = "english"
}

@article{TPaths,
    author = "Фролов В. А., Игнатенко А. В.",
    title = "Фотореалистичная визуализация с помощью трассировки путей на графических процессорах",
    journal = "Новые информационные технологии в автоматизированных системах",
    year = "2010",
    volume = "13",
    pages = "149--150",
    language = "russian"
}

@article{SSS,
    author = "Henrik Wann Jensen, Stephen R. Marschner, Marc Levoy, Pat Hanrahan",
    title = "A Practical Model for Subsurface Light Transport",
    journal = "Staford University",
    year = "2001",
    pages = "8",
    language = "english"
}

@book{GPUGems,
    author = "Randima Fernando",
    title = "GPU Gems Programming Techniques, Tips, and Trick for Real-Time Graphics",
    publisher = "Addison-Wesley",
    year = "2004",
    pages = "765",
    language = "english"
}

@article{ZBuffer,
    author = "Гонахчян В.И.",
    title = "Алгоритм удаления невидимых поверхностей на основе программных проверок видимости",
    journal = "Труды ИСП РАН.",
    year = "2018",
    volume = "2",
    language = "russian"
}

@article{RayTracing,
    author = "Янова Регина Юрьевна",
    title = "Метод прямой и обратной трассировки",
    journal = "Вестник науки и образования",
    year = "2016",
    volume = "5",
    language = "russian"
}

@article{Roberts,
    author = "Емельянова Татьяна Владимировна, Аминов Леонид Анатольевич, Емельянов Владислав Андреевич",
    title = "Реализация алгоритма удаления невидимых граней",
    journal = "Актуальные проблемы военно-научных исследований",
    year = "2021",
    volume = "2",
    language = "russian"
}

@misc{AMD_CPU,
    title = "Процессор AMD Ryzen™ 5 4600H [Электронный ресурс]",
    howpublished = "Режим доступа:\newline URL -- \url{https://www.amd.com/ru/products/apu/amd-ryzen-5-4600h}",
    note = "\newline (Дата обращения: 22.03.23)"
}

@misc{Arch,
    title = "Arch 6.1.9 [Электронный ресурс]",
    howpublished = "Режим доступа: URL -- \url{https://archlinux.org/}",
    note = "(Дата обращения: 22.03.23)"
}

@misc{Linux,
    title = "Linux -- Getting Started [Электронный ресурс]",
    howpublished = "Режим доступа:\newline URL -- \url{https://linux.org}",
    note = "(Дата обращения: 22.03.23)"
}

